
@article{Chao2012,
	title = {Coverage-based rarefaction and extrapolation: standardizing samples by completeness rather than size},
	author = {{Chao}, {Anne} and {Jost}, {Lou}},
	year = {2012},
	month = {12},
	date = {2012-12},
	journal = {Ecology},
	pages = {2533--2547},
	volume = {93},
	number = {12},
	doi = {10.1890/11-1952.1},
	url = {http://dx.doi.org/10.1890/11-1952.1},
	langid = {en}
}

@article{chao2014,
	title = {Rarefaction and extrapolation with Hill numbers: a framework for sampling and estimation in species diversity studies},
	author = {{Chao}, {Anne} and {Gotelli}, {Nicholas J.} and {Hsieh}, {T. C.} and {Sander}, {Elizabeth L.} and {Ma}, {K. H.} and {Colwell}, {Robert K.} and {Ellison}, {Aaron M.}},
	year = {2014},
	month = {02},
	date = {2014-02},
	journal = {Ecological Monographs},
	pages = {45--67},
	volume = {84},
	number = {1},
	doi = {10.1890/13-0133.1},
	url = {http://dx.doi.org/10.1890/13-0133.1},
	langid = {en}
}

@article{baselga2012,
	title = {betapart
: an R package for the study of beta diversity},
	author = {{Baselga}, {Andr√©s} and {Orme}, {C. David L.}},
	year = {2012},
	month = {06},
	date = {2012-06-18},
	journal = {Methods in Ecology and Evolution},
	pages = {808--812},
	volume = {3},
	number = {5},
	doi = {10.1111/j.2041-210x.2012.00224.x},
	url = {http://dx.doi.org/10.1111/j.2041-210X.2012.00224.x},
	langid = {en}
}

@article{li2018,
	title = {hillR: taxonomic, functional, and phylogenetic diversity and similarity through Hill Numbers},
	author = {{Li}, {Daijiang}},
	year = {2018},
	month = {11},
	date = {2018-11-13},
	journal = {Journal of Open Source Software},
	pages = {1041},
	volume = {3},
	number = {31},
	doi = {10.21105/joss.01041},
	url = {http://dx.doi.org/10.21105/joss.01041}
}

@article{Chiu2014,
	title = {Distance-Based Functional Diversity Measures and Their Decomposition: A Framework Based on Hill Numbers},
	author = {Chiu, Chun-Huo and Chao, Anne},
	editor = {de Bello, Francesco},
	year = {2014},
	month = {07},
	date = {2014-07-07},
	journal = {PLoS ONE},
	pages = {e100014},
	volume = {9},
	number = {7},
	doi = {10.1371/journal.pone.0100014},
	url = {http://dx.doi.org/10.1371/journal.pone.0100014},
	langid = {en}
}

@article{chao2014a,
	title = {Unifying Species Diversity, Phylogenetic Diversity, Functional Diversity, and Related Similarity and Differentiation Measures Through Hill Numbers},
	author = {Chao, Anne and Chiu, Chun-Huo and Jost, Lou},
	year = {2014},
	month = {11},
	date = {2014-11-23},
	journal = {Annual Review of Ecology, Evolution, and Systematics},
	pages = {297--324},
	volume = {45},
	number = {1},
	doi = {10.1146/annurev-ecolsys-120213-091540},
	url = {http://dx.doi.org/10.1146/annurev-ecolsys-120213-091540},
	langid = {en}
}

@article{sackett2011,
	title = {Response of macroarthropod assemblages to the loss of hemlock ({\emph{Tsuga canadensis}}), a foundation species},
	author = {Sackett, Tara E. and Record, Sydne and Bewick, Sharon and Baiser, Benjamin and Sanders, Nathan J. and Ellison, Aaron M.},
	year = {2011},
	month = {07},
	date = {2011-07},
	journal = {Ecosphere},
	pages = {art74},
	volume = {2},
	number = {7},
	doi = {10.1890/es11-00155.1},
	url = {http://dx.doi.org/10.1890/ES11-00155.1},
	langid = {en}
}

@article{sackett2011a,
	title = {Response of macroarthropod assemblages to the loss of hemlock ({\emph{Tsuga canadensis}}), a foundation species},
	author = {Sackett, Tara E. and Record, Sydne and Bewick, Sharon and Baiser, Benjamin and Sanders, Nathan J. and Ellison, Aaron M.},
	year = {2011},
	month = {07},
	date = {2011-07},
	journal = {Ecosphere},
	pages = {art74},
	volume = {2},
	number = {7},
	doi = {10.1890/es11-00155.1},
	url = {http://dx.doi.org/10.1890/ES11-00155.1},
	langid = {en}
}

@article{sackett2011b,
	title = {Response of macroarthropod assemblages to the loss of hemlock ({\emph{Tsuga canadensis}}), a foundation species},
	author = {Sackett, Tara E. and Record, Sydne and Bewick, Sharon and Baiser, Benjamin and Sanders, Nathan J. and Ellison, Aaron M.},
	year = {2011},
	month = {07},
	date = {2011-07},
	journal = {Ecosphere},
	pages = {art74},
	volume = {2},
	number = {7},
	doi = {10.1890/es11-00155.1},
	url = {http://dx.doi.org/10.1890/ES11-00155.1},
	langid = {en}
}
